
@COMMENT{Andrew G. West - progress_spec.bib -9/13/2009} 
@COMMENT{BibTex for CIS400/401 Progress Report Specification}

@MISC{latex_wikibook,
	author = "Wikibooks",
	title = "La{T}e{X}",
	howpublished = {\texttt{http://en.wikibooks.org/wiki/ LaTeX}},
	note = "Note: Students should not cite Wikis!"
}

@MISC{ctan_pdf,
	author = "The Comprehensive TeX Archive Network (CTAN)",
	title = "A (Not So) Short Introduction to {LaTeX2e}",
	howpublished = {\texttt{http://www. ctan.org/tex-archive/info/lshort/english/}},
}
