
@COMMENT{Andrew G. West - prop_spec.bib -7/29/2009} 
@COMMENT{BibTex for CIS400/401 Project Proposal Specification}

@INPROCEEDINGS{quantm,
	author = "Andrew G. West and Adam J. Aviv and Jian Chang and Vinayak S. Prabhu and Matt Blaze and Sampath Kannan and Insup Lee and Jonathan M. Smith and Oleg Sokolsky",
	title = "Quan{TM}: {A} Quantitative Trust Management System",
	booktitle = "{EUROSEC} 2009",
	year = "2009",
	pages = "28--35",
	month = "March",
	isbn = "978-1-60558-472-0"
}

@TECHREPORT{ros,
	author = "Morgan Quigley and  Brian Gerkey and Ken Conley and Josh Faust and Tully Foote and Jeremy Leibs and Eric Berger and Rob Wheeler and Andrew Ng",
	title = "{ROS}: An open-source Robot Operating System",
	institution = "Stanford University",
	year = "2009"
}

@TECHREPORT{pouring_arm,
	author = "Ulrich Hillenbrand and Bernhard Brunner ad Christoph Borst and Gerd Hirzinger",
	title = "The Robutler: a Vision-Controlled Hand-Arm System for Manipulating Bottles and Glasses",
	institution = "Institute of Robotics and Mechatronics",
	year = "2004"
}

@TECHREPORT{herb,
        author = "Siddhartha S. Srinivasa and Dave Ferguson and Casey J. Helfrich and Dmitry Berenson and Alvaro Collet and Rosen Diankov and Garratt Gallagher and Geoffrey Hollinger and James Kuffner and Michael VandeWeghe",
	title = "{HERB}: a home exploring robotic butler",
	institution = "Carnegie Mellon University",
	year = "2009"
}

@TECHREPORT{walk_imitation,
	author = "Rawichote Chalodhorn and David B. Grimes and Keith Grochow and Rajesh P. N. Rao",
	title = "Learning to Walk through Imitation",
	institution = "University of Washington",
	year = "2007"
}

@CONFERENCE{robot_interface,
        author = "Jonathan Kofman and Xianghai Wu and Timothy J. Luu and Siddharth Verma",
        title = "Teleoperation of a Robot Manipulator Using a Vision-Based Human-Robot Interface",
        booktitle = "IEEE Transactions on Industrial Electronics",
        volume = "51",
        year = "2005",
        month = "Oct",
        publisher = "IEEE Industrial Electronics Society"
}

@CONFERENCE{pancakes,
	author = "Petar Kormushev and Sylvain Calinon and Darwin G. Caldwell",
	title = "Robot Motor Skill Coordination with EM-based Reinforcement Learning",
        booktitle = "{IROS} 2010",
	organization = "Italian Institute of Technology",
	year = "2010"
}

@CONFERENCE{whiteboard,
	author = "Petar Kormushev and Dragomir N. Nenchev and Sylvain Calinon and Darwin G. Caldwell",
	title = "Upper-body Kinesthetic Teaching of a Free-standing Humanoid Robot",
        booktitle = "{ICRA} 2011",
	organization = "Italian Institute of Technology",
	year = "2011"
}

@CONFERENCE{beer,
	author = "Jonathan Bohren and Radu Bogdan Rusu and E. Gil Jones and Eitan Marder-Eppstein and Caroline Pantofaru and Melonee Wise and Lorenz Mosenlechner and Wim Meeussen and Stefan Holzer",
	title = "Towards Autonomous Robotic Butlers: Lessons Learned with the {PR}2",
        booktitle = "{ICRA} 2011",
	organization = "Willow Garage",
	year = "2011"
}

@CONFERENCE{groceries,
        author = "Ellen Klingbeil and Deepak Rao and Blake Carpenter and Varun Ganapathi and Andrew Y. Ng and Oussama Khatib",
        title = "Grasping with Application to an Autonomous Checkout Robot",
        booktitle = "{ICRA} 2011",
	organization = "Stanford University",
	year = "2011"
}

@CONFERENCE{subway,
        author = "Manabu Saito and Haseru Chen and Kei Okada and Masayuki Inaba and Lars Kunze and Michael Beetz",
        title = "Semantic Object Search in Large-scale Indoor Environments",
        booktitle = "{IROS} 2011",
	organization = "University of Tokyo and Technische Universit$\ddot{\mathrm{a}}$t M$\ddot{\mathrm{u}}$nchen",
	year = "2011"
}

@MISC{cookies,
        author = "Abby Abazorius",
	title = "Cookies, anyone?",
	howpublished = {\texttt{http://web.mit.edu/newsoffice/2011/cookies-anyone.html}}
}

@MISC{willow_kinect,
        author = "Willow Garage",
	title = "Kinect with {ROS} Moving Forward Quickly",
	howpublished = {\texttt{http://www.willowgarage.com/blog/2010/11/22/kinect-ros-moving-forward-quickly}}
}

@MISC{kinect,
	author = "OpenKinect",
	title = "Welcome to the OpenKinect project",
	howpublished = {\texttt{http://openkinect.org}}
}

@MISC{freenect,
	author = "Freenect",
	title = "Freenect - {Kinect Projects}",
	howpublished = {\texttt{http://www.freenect.com}}
}

@MISC{pr2,
	author = "Willow Garage",
	title = "PR2 Overview",
	howpublished = {\texttt{http://www.willowgarage.com/pages/pr2/overview}}
}

@MISC{kinect_pic,
	author = "ROS",
	title = "{Openni Developer Challenge}",
	howpublished = {\texttt{http://www.ros.org/cgi-bin/mt-4.3/mt-search.cgi?tag=OpenNI}}
}

@MISC{imu_chr,
	author = "CH Robotics",
	title = "{CH Robotics}",
	howpublished = {\texttt{http://www.chrobotics.com}}
}

@ARTICLE{ros_pr2,
        author = "Steve Cousins",
        title = "{ROS} on the {PR2}",
        journal = "IEEE Robotics \& Automation Magazine",
        year = "2010",
        month = "September",
        pages = "23--25"
}